<record><leader>00000cas a22000007a 4500</leader><controlfield tag="001">12996032</controlfield><controlfield tag="008">860109d19251947njuwr ne      0    0eng d</controlfield><datafield ind1=" " ind2=" " tag="010"><subfield code="a">sn 86077000 </subfield></datafield><datafield ind1=" " ind2=" " tag="040"><subfield code="a">NPA</subfield><subfield code="b">eng</subfield><subfield code="c">NPA</subfield><subfield code="d">NJW</subfield><subfield code="d">OCLCQ</subfield></datafield><datafield ind1=" " ind2=" " tag="042"><subfield code="a">msc</subfield></datafield><datafield ind1="0" ind2=" " tag="130"><subfield code="a">Spokesman (New Brunswick, N.J. : 1925 : New Brunswick ed.)</subfield></datafield><datafield ind1="1" ind2="4" tag="245"><subfield code="a">The spokesman.</subfield></datafield><datafield ind1="3" ind2="0" tag="246"><subfield code="a">New Brunswick spokesman</subfield></datafield><datafield ind1=" " ind2=" " tag="250"><subfield code="a">[New Brunswick ed.].</subfield></datafield><datafield ind1=" " ind2=" " tag="260"><subfield code="a">New Brunswick, N.J. :</subfield><subfield code="b">Spokesman Pub. Co.,</subfield><subfield code="c">-1947.</subfield></datafield><datafield ind1=" " ind2=" " tag="300"><subfield code="a">v. :</subfield><subfield code="b">ill.</subfield></datafield><datafield ind1=" " ind2=" " tag="310"><subfield code="a">Weekly,</subfield><subfield code="b">Dec. 10, 1926-June 13, 1947</subfield></datafield><datafield ind1=" " ind2=" " tag="321"><subfield code="a">Semiweekly,</subfield><subfield code="b">1925-Dec. 7, 1926</subfield></datafield><datafield ind1="1" ind2=" " tag="362"><subfield code="a">Began with Sept. 24, 1925 issue.</subfield></datafield><datafield ind1="0" ind2=" " tag="362"><subfield code="a">-v. 22, no. 38 (June 13, 1947).</subfield></datafield><datafield ind1=" " ind2=" " tag="500"><subfield code="a">Masthead title: New Brunswick spokesman, 1925-Apr. 18, 1947; Spokesman, Apr. 25-June 13, 1947.</subfield></datafield><datafield ind1=" " ind2=" " tag="580"><subfield code="a">An edition was published for South River, N.J. with the same title.</subfield></datafield><datafield ind1=" " ind2=" " tag="588"><subfield code="a">Description based on: Vol. 1, no. 9 (Oct. 23, 1925); title from publisher's statement.</subfield></datafield><datafield ind1=" " ind2=" " tag="752"><subfield code="a">United States</subfield><subfield code="b">New Jersey</subfield><subfield code="c">Middlesex</subfield><subfield code="d">New Brunswick.</subfield></datafield><datafield ind1="1" ind2=" " tag="775"><subfield code="t">Spokesman (New Brunswick, N.J. : 1919 : South River ed.)</subfield><subfield code="w">(DLC)sn 86077002</subfield><subfield code="w">(OCoLC)13015475</subfield></datafield><datafield ind1="0" ind2="0" tag="785"><subfield code="t">Spokesman New Brunswick (1947)</subfield><subfield code="w">(DLC)sn 86077003</subfield><subfield code="w">(OCoLC)12996042</subfield></datafield><datafield ind1="1" ind2=" " tag="029"><subfield code="a">AU@</subfield><subfield code="b">000023535726</subfield></datafield></record>